@book{SSE,
  author    = {Don Davis, Eugene Patronis, Pat Brown},
  edition   = {4},
  isbn      = {0240818466,9780240818467},
  publisher = {Focal Press},
  series    = {},
  title     = {Sound System Engineering},
  volume    = {},
  year      = {2013}
}