@techreport{ISO1996-2:2020,
  type        = {Standard},
  author      = {{ISO 1996-2:2020}},
  key         = {{ISO 1996-2:2020}},
  title       = {{Acoustics -- Description, measurement and assessment of environmental noise -- Part 2: Determination of sound pressure levels}},
  institution = {International Organization for Standardization}
}
@techreport{ISO20906:2009,
  type        = {Standard},
  author      = {{ISO 20906:2009}},
  key         = {{ISO 20906:2009}},
  title       = {{Acoustics -- Unnatended monitoring of aircraft sound in the vicinity of airports}},
  institution = {International Organization for Standardization}
}
