@misc{bandas_frecuencia,
    howpublished = {\url{https://es.wikipedia.org/wiki/Bandas_de_frecuencia}},
    title = {{Bandas de frecuencia}},
    journal={Wikipedia},
    publisher={Wikimedia Foundation},
    year={2023},
    month={Junio},
    language = {spanish},
    author = {{Wikipedia}}
} 

@misc{repartidores,
    howpublished = {\url{https://www.televes.com/es/distribucion-tv/distribucion-de-una-red-coaxial/repartidores.html}},
    title = {{Repartidores}},
    publisher={Televes},
    language = {spanish},
    author = {{Televes Corporación}}
} 

@misc{derivadores,
    howpublished = {\url{https://www.tdtprofesional.com/es/tv-tdt/distribucion-y-accesorios/derivadores.html}},
    title = {{Derivadores}},
    language = {spanish},
    author = {{TDT Profesional}}
} 



@inbook{itc,
    title = {{REAL DECRETO 279/1999, de 22 de febrero, por el que se aprueba el Reglamento regulador de las infraestructuras comunes de telecomunicaciones para el acceso a los servicios de telecomunicación en el interior de los edificios y de la actividad de instalación de equipos y sistemas de telecomunicaciones.}},
    booktitle = "«BOE» núm. 58, de 9 de marzo de 1999",
    pages = {9207-9242},
    author = {{Ministerio de Fomento}},
    note = {\url{https://www.boe.es/eli/es/rd/1999/02/22/279}},
    language = {spanish},
    publisher = {{Agencia Estatal Boletín Oficial del Estado}},
    year = 1999
}